
%
%  $Description: Sample bibliography$ 
% 
%  $Author: ienne $ 
%  $Date: 1995/09/15 15:19:53 $
%  $Revision: 1.3 $
%

@Article{ex1,
   author =   "TODO",
   title =   "Some Related Article {I} Wrote", 
   journal =   "Some Fine Journal",
   month = "January",
   number = "7",
   year =   "1999",
   volume =   "99",
   pages =   "1-100",
}


@Article{ex2,
   author =   "Jeffrey Dean and Sanjay Ghemawat", 
   title =   "Mapreduce: Simplified data processing on large clusters", 
   publisher =   "Commun. ACM, 51(1):107â€“113",
   address = "New York, USA",
   year =   "2008"
}

